@article{toth2011abordagem,
  title={Abordagem NoSQL Uma real alternativa},
  author={Toth, Renato Molina},
  journal={Sorocaba, S{\~a}o Paulo, Brasil: Abril},
  volume={13},
  year={2011}
}

@article{brito2010bancos,
  title={Bancos de dados NoSQL x SGBDs relacionais: an{\'a}lise comparativa},
  author={Brito, Ricardo W},
  journal={Faculdade Farias Brito e Universidade de Fortaleza},
  year={2010}
}

@article{codd:1970,
 author = {Codd, E. F.},
 title = {A Relational Model of Data for Large Shared Data Banks},
 journal = {Commun. ACM},
date = {June 1970},
 volume = {13},
 number = {6},
 month = jun,
 year = {1970},
 issn = {0001-0782},
 pages = {377--387},
 numpages = {11},
 url = {http://doi.acm.org/10.1145/362384.362685},
 doi = {10.1145/362384.362685},
 acmid = {362685},
 publisher = {ACM},
 address = {New York, NY, USA},
 keywords = {composition, consistency, data bank, data base, data integrity, data organization, data structure, derivability, hierarchies of data, join, networks of data, predicate calculus, redundancy, relations, retrieval language, security},
} 

@article{typeNOSQL:2013,
	author = {Ameya Nayak and Anil Poriya and Dikshay Poojary},
	title = {Type of NOSQL Databases and its Comparison with Relational Databases},
	journal = {International Journal of Applied Information Systems},
	year = {2013},
	volume = {5},
	number = {4},
	pages = {16-19},
	month = {March},
	note = {Published by Foundation of Computer Science, New York, USA}
}

@article{surveyNosql:2012,
    author = {Nishtha Jatana and Sahil Puri and Mehak Ahuja and Ishita Kathuria and Dishant Gosain},
    title = {A Survey and Comparison of Relational and Non-Relational Database},
    year = {2012},
    journal = {International Journal of Engineering Research Technology IJERT}
}

@article{leavitt:2010,
  title={Will NoSQL databases live up to their promise?},
  author={Leavitt, Neal},
  journal={Computer},
  volume={43},
  number={2},
  year={2010},
  publisher={IEEE},
  note={IEEE}
}

@inproceedings{zhaoSchema:2014,
  title={Schema conversion model of sql database to nosql},
  author={Zhao, Gansen and Lin, Qiaoying and Li, Libo and Li, Zijing},
  booktitle={P2P, Parallel, Grid, Cloud and Internet Computing (3PGCIC), 2014 Ninth International Conference on},
  pages={355--362},
  year={2014},
  organization={IEEE}
}

@article{pritchett:2008,
 author = {Pritchett, Dan},
 title = {BASE: An Acid Alternative},
 journal = {Queue},
 volume = {6},
 number = {3},
 month = may,
 year = {2008},
 issn = {1542-7730},
 pages = {48--55},
 numpages = {8},
 url = {http://doi.acm.org/10.1145/1394127.1394128},
 doi = {10.1145/1394127.1394128},
 acmid = {1394128},
 publisher = {ACM},
 address = {New York, NY, USA},
} 

@inproceedings{gueidi:2016,
  title={A NoSQL-based Approach for Real-Time Managing of Embedded Data Bases},
  author={Gueidi, Afef and Gharsellaoui, Hamza and Ahmed, Samir Ben},
  booktitle={Computer Applications \& Research (WSCAR), 2016 World Symposium on},
  pages={110--115},
  year={2016},
  organization={IEEE}
}